% This file was created with JabRef 2.7b.
% Encoding: Cp1252

@misc{coursera1,
      howpublished="\url{https://www.coursera.org/learn/neural-networks-deep-learning/home/welcome}"
}

@misc{coursera2,
      howpublished="\url{https://www.coursera.org/learn/state-estimation-localization-self-driving-cars/home/week/2}"
}

@misc{MATLAB_camera,
      howpublished="\url{https://www.mathworks.com/help/vision/ug/camera-calibration.html}"
}

@misc{MATLAB_Lidar,
      howpublished="\url{https://www.mathworks.com/help/lidar/ug/detect-vehicles-in-lidar-using-image-labels.html}"
}

@misc{Bayesianoptimization,
      howpublished="\url{https://blog.floydhub.com/guide-to-hyperparameters-search-for-deep-learning-models}"
}

@misc{gradientdescent,
      howpublished="\url{https://towardsdatascience.com/stochastic-gradient-descent-with-momentum-a84097641a5d}"
}

@misc{computersciencewiki,
      howpublished="\url{https://computersciencewiki.org/index.php/Max-pooling_/_Pooling}"
}

@Article{rs12010044,
AUTHOR = {Ma, Haojie and Liu, Yalan and Ren, Yuhuan and Yu, Jingxian},
TITLE = {Detection of Collapsed Buildings in Post-Earthquake Remote Sensing Images Based on the Improved YOLOv3},
JOURNAL = {Remote Sensing},
VOLUME = {12},
YEAR = {2020},
NUMBER = {1},
ARTICLE-NUMBER = {44},
ISSN = {2072-4292},
DOI = {10.3390/rs12010044}
}

@book{goodfellow,
  title={Deep learning},
  author={Goodfellow, Ian and Bengio, Yoshua and Courville, Aaron and Bengio, Yoshua},
  volume={1},
  number={2},
  year={2016},
  publisher={MIT press Cambridge}
}

@inproceedings{Convexity,
  title={Convexity in Image-Based 3D Surface Reconstruction},
  author={K. Kolev},
  year={2012}
}

@INPROCEEDINGS{YOLO9000,
  author={Redmon, Joseph and Farhadi, Ali},
  booktitle={2017 IEEE Conference on Computer Vision and Pattern Recognition (CVPR)}, 
  title={YOLO9000: Better, Faster, Stronger}, 
  year={2017},
  volume={},
  number={},
  pages={6517-6525},
  doi={10.1109/CVPR.2017.690}}
  
@incollection{NIPS2012_4824,
  added-at = {2016-11-14T12:05:24.000+0100},
  author = {Krizhevsky, Alex and Sutskever, Ilya and Hinton, Geoffrey E.},
  biburl = {https://www.bibsonomy.org/bibtex/2886c491fe45049fee3c9660df30bb5c4/albinzehe},
  booktitle = {Advances in Neural Information Processing Systems 25},
  editor = {Pereira, F. and Burges, C. J. C. and Bottou, L. and Weinberger, K. Q.},
  interhash = {74bbb5dea5afb1b088bd10e317f1f0d2},
  intrahash = {886c491fe45049fee3c9660df30bb5c4},
  keywords = {cnn deeplearning ma-zehe neuralnet},
  pages = {1097--1105},
  publisher = {Curran Associates, Inc.},
  timestamp = {2016-11-14T12:05:24.000+0100},
  title = {ImageNet Classification with Deep Convolutional Neural Networks},
  year = 2012
}

@article{Uijlings,
author = {Uijlings, Jasper and Sande, K. and Gevers, T. and Smeulders, A.W.M.},
year = {2013},
month = {09},
pages = {154-171},
title = {Selective Search for Object Recognition},
volume = {104},
journal = {International Journal of Computer Vision},
doi = {10.1007/s11263-013-0620-5}
}

  @article{yolov3,
  title={Yolov3: An incremental improvement},
  author={Redmon, Joseph and Farhadi, Ali},
  journal={arXiv preprint arXiv:1804.02767},
  year={2018}
}

@book{brunton,
  title={Data-driven science and engineering: Machine learning, dynamical systems, and control},
  author={Brunton, Steven L and Kutz, J Nathan},
  year={2019},
  publisher={Cambridge University Press}
}

@inproceedings{schulter,
  title={Deep network flow for multi-object tracking},
  author={Schulter, Samuel and Vernaza, Paul and Choi, Wongun and Chandraker, Manmohan},
  booktitle={Proceedings of the IEEE Conference on Computer Vision and Pattern Recognition},
  pages={6951--6960},
  year={2017}
}

@book{opencv,
author = {Bradski, Gary and Kaehler, Adrian},
title = {Learning OpenCV: Computer Vision in C++ with the OpenCV Library},
year = {2013},
isbn = {1449314651},
publisher = {O'Reilly Media, Inc.},
edition = {2nd}
}

@article{calibration,
author = {De Bièvre, Paul},
year = {2012},
month = {04},
pages = {},
title = {The 2012 International Vocabulary of Metrology: “VIM”},
volume = {17},
journal = {Accreditation and Quality Assurance},
doi = {10.1007/s00769-012-0885-3}
}

@misc{girshick2014,
title={Rich feature hierarchies for accurate object detection and semantic segmentation}, 
author={Ross Girshick and Jeff Donahue and Trevor Darrell and Jitendra Malik},
year={2014},
eprint={1311.2524},
archivePrefix={arXiv},
primaryClass={cs.CV}
}

@article{He_2014,
   title={Spatial Pyramid Pooling in Deep Convolutional Networks for Visual Recognition},
   ISBN={9783319105789},
   ISSN={1611-3349},
   url={http://dx.doi.org/10.1007/978-3-319-10578-9_23},
   DOI={10.1007/978-3-319-10578-9_23},
   journal={Lecture Notes in Computer Science},
   publisher={Springer International Publishing},
   author={He, Kaiming and Zhang, Xiangyu and Ren, Shaoqing and Sun, Jian},
   year={2014},
   pages={346–361}
}

@INPROCEEDINGS{7410526,  
author={Girshick, Ross},  
booktitle={2015 IEEE International Conference on Computer Vision (ICCV)},   title={Fast R-CNN},  
year={2015},  
pages={1440-1448}, 
doi={10.1109/ICCV.2015.169}}

@misc{sermanet2014,
title={OverFeat: Integrated Recognition, Localization and Detection using Convolutional Networks}, 
author={Pierre Sermanet and David Eigen and Xiang Zhang and Michael Mathieu and Rob Fergus and Yann LeCun},
year={2014},
eprint={1312.6229},
archivePrefix={arXiv},
primaryClass={cs.CV}
}

@inproceedings{NIPS2015,
 author = {Ren, Shaoqing and He, Kaiming and Girshick, Ross and Sun, Jian},
 booktitle = {Advances in Neural Information Processing Systems},
 editor = {C. Cortes and N. Lawrence and D. Lee and M. Sugiyama and R. Garnett},
 pages = {},
 publisher = {Curran Associates, Inc.},
 title = {Faster R-CNN: Towards Real-Time Object Detection with Region Proposal Networks},
 url = {https://proceedings.neurips.cc/paper/2015/file/14bfa6bb14875e45bba028a21ed38046-Paper.pdf},
 volume = {28},
 year = {2015}
}

@misc{ren2016faster,
      title={Faster R-CNN: Towards Real-Time Object Detection with Region Proposal Networks}, 
      author={Shaoqing Ren and Kaiming He and Ross Girshick and Jian Sun},
      year={2016},
      eprint={1506.01497},
      archivePrefix={arXiv},
      primaryClass={cs.CV}
}

@misc{chen2017,
title={An Implementation of Faster RCNN with Study for Region Sampling}, 
author={Xinlei Chen and Abhinav Gupta},
year={2017},
eprint={1702.02138},
archivePrefix={arXiv},
primaryClass={cs.CV}
}

@inproceedings{redmon2016,
title={You only look once: Unified, real-time object detection},
author={Redmon, Joseph and Divvala, Santosh and Girshick, Ross and Farhadi, Ali},
booktitle={Proceedings of the IEEE conference on computer vision and pattern recognition},
pages={779--788},
year={2016}
}

@article{yolov2,
title={An improved YOLOv2 for vehicle detection},
author={Sang, Jun and Wu, Zhongyuan and Guo, Pei and Hu, Haibo and Xiang, Hong and Zhang, Qian and Cai, Bin},
journal={Sensors},
volume={18},
number={12},
pages={4272},
year={2018},
publisher={Multidisciplinary Digital Publishing Institute}
}

@misc{googlenet,
title={Going Deeper with Convolutions}, 
author={Christian Szegedy and Wei Liu and Yangqing Jia and Pierre Sermanet and Scott Reed and Dragomir Anguelov and Dumitru Erhan and Vincent Vanhoucke and Andrew Rabinovich},
year={2014},
eprint={1409.4842},
archivePrefix={arXiv},
primaryClass={cs.CV}
}

@article{Youzireview,
author = {Youzi, Xiao and Tian, Zhiqiang and Yu, Jiachen and Zhang, Yinshu and Liu, Shuai and Du, Shaoyi and Lan, Xuguang},
year = {2020},
month = {09},
pages = {},
title = {A review of object detection based on deep learning},
volume = {79},
journal = {Multimedia Tools and Applications},
doi = {10.1007/s11042-020-08976-6}
}

@article{van2018,
title={Autonomous vehicle perception: The technology of today and tomorrow},
author={Van Brummelen, Jessica and O’Brien, Marie and Gruyer, Dominique and Najjaran, Homayoun},
journal={Transportation research part C: emerging technologies},
volume={89},
pages={384--406},
year={2018},
publisher={Elsevier}
}

@Article{sym12020324,
AUTHOR = {Kumar, G Ajay and Lee, Jin Hee and Hwang, Jongrak and Park, Jaehyeong and Youn, Sung Hoon and Kwon, Soon},
TITLE = {LiDAR and Camera Fusion Approach for Object Distance Estimation in Self-Driving Vehicles},
JOURNAL = {Symmetry},
VOLUME = {12},
YEAR = {2020},
NUMBER = {2},
ARTICLE-NUMBER = {324},
ISSN = {2073-8994},
DOI = {10.3390/sym12020324}
}

@article{labayrade,
title={Cooperative fusion for multi-obstacles detection with use of stereovision and laser scanner},
author={Labayrade, Raphael and Royere, Cyril and Gruyer, Dominique and Aubert, Didier},
journal={Autonomous Robots},
volume={19},
number={2},
pages={117--140},
year={2005},
publisher={Springer}
}

@inproceedings{shi2018,
title={Leveraging spatio-temporal evidence and independent vision channel to improve multi-sensor fusion for vehicle environmental perception},
author={Shi, Juwang and Wang, Wenxiu and Wang, Xiao and Sun, Hongbin and Lan, Xuguang and Xin, Jingmin and Zheng, Nanning},
booktitle={2018 IEEE Intelligent Vehicles Symposium (IV)},
pages={591--596},
year={2018},
organization={IEEE}
}

@article{zhao2014,
title={Fusion of 3D-LIDAR and camera data for scene parsing},
author={Zhao, Gangqiang and Xiao, Xuhong and Yuan, Junsong and Ng, Gee Wah},
journal={Journal of Visual Communication and Image Representation},
volume={25},
number={1},
pages={165--183},
year={2014},
publisher={Elsevier}
}

@article{li2015,
title={Fusion of LiDAR 3D points cloud with 2D digital camera image},
author={Li, JUAN},
journal={Oakland University: Rochester, MI, USA},
year={2015}
}

@inproceedings{li20152,
title={2D LiDAR and camera fusion in 3D modeling of indoor environment},
author={Li, Juan and He, Xiang and Li, Jia},
booktitle={2015 National Aerospace and Electronics Conference (NAECON)},
pages={379--383},
year={2015},
organization={IEEE}
}

@inproceedings{mastin2009,
title={Automatic registration of LIDAR and optical images of urban scenes},
author={Mastin, Andrew and Kepner, Jeremy and Fisher, John},
booktitle={2009 IEEE conference on computer vision and pattern recognition},
pages={2639--2646},
year={2009},
organization={IEEE}
}

@article{gong2013,
title={3D LIDAR-camera extrinsic calibration using an arbitrary trihedron},
author={Gong, Xiaojin and Lin, Ying and Liu, Jilin},
journal={Sensors},
volume={13},
number={2},
pages={1902--1918},
year={2013},
publisher={Multidisciplinary Digital Publishing Institute}
}

@inproceedings{alismail2012,
title={Automatic calibration of a range sensor and camera system},
author={Alismail, Hatem and Baker, L Douglas and Browning, Brett},
booktitle={2012 Second International Conference on 3D Imaging, Modeling, Processing, Visualization \& Transmission},
pages={286--292},
year={2012},
organization={IEEE}
}

@article{park2014,
title={Calibration between color camera and 3D LIDAR instruments with a polygonal planar board},
author={Park, Yoonsu and Yun, Seokmin and Won, Chee Sun and Cho, Kyungeun and Um, Kyhyun and Sim, Sungdae},
journal={Sensors},
volume={14},
number={3},
pages={5333--5353},
year={2014},
publisher={Multidisciplinary Digital Publishing Institute}
}

@inproceedings{garcia2013,
title={LIDAR and panoramic camera extrinsic calibration approach using a pattern plane},
author={Garc{\'\i}a-Moreno, Angel-Iv{\'a}n and Gonzalez-Barbosa, Jos{\'e}-Joel and Ornelas-Rodriguez, Francisco-Javier and Hurtado-Ramos, Juan B and Primo-Fuentes, Marco-Neri},
booktitle={Mexican Conference on Pattern Recognition},
pages={104--113},
year={2013},
organization={Springer}
}

@inproceedings{verma2019,
title={Automatic extrinsic calibration between a camera and a 3D Lidar using 3D point and plane correspondences},
author={Verma, Surabhi and Berrio, Julie Stephany and Worrall, Stewart and Nebot, Eduardo},
booktitle={2019 IEEE Intelligent Transportation Systems Conference (ITSC)},
pages={3906--3912},
year={2019},
organization={IEEE}
}

@inproceedings{geiger2012,
title={Automatic camera and range sensor calibration using a single shot},
author={Geiger, Andreas and Moosmann, Frank and Car, {\"O}mer and Schuster, Bernhard},
booktitle={2012 IEEE International Conference on Robotics and Automation},
pages={3936--3943},
year={2012},
organization={IEEE}
}

@article{Bergstra,
author = {Bergstra, James and Bengio, Yoshua},
title = {Random Search for Hyper-Parameter Optimization},
year = {2012},
issue_date = {3/1/2012},
publisher = {JMLR.org},
volume = {13},
number = {null},
issn = {1532-4435},
journal = {J. Mach. Learn. Res.},
month = feb,
pages = {281–305},
numpages = {25}
}

@book{Edward,
author = {Waltz, Edward L. and Llinas, James and White, Franklin E.},
title = {Multisensor Data Fusion},
year = {1990},
isbn = {0890062773},
publisher = {Artech House, Inc.}
}

@book{yan,
author = {Jiang, Lu and Xia, Yuanqing},
year = {2021},
month = {01},
pages = {},
title = {Multisensor Fusion Estimation Theory and Application},
isbn = {978-981-15-9425-0},
doi = {10.1007/978-981-15-9426-7}
}